@InProceedings{Arandjelovic11,
  author       = "Arandjelovi\'c, R. and Zisserman, A.",
  title        = "Smooth Object Retrieval using a Bag of Boundaries",
  booktitle    = "IEEE International Conference on Computer Vision",
  year         = "2011",
}
